<collection xmlns="http://www.loc.gov/MARC21/slim">
<record>
  <leader>01268nam0a22002771i 450 </leader>
  <controlfield tag="001">IT\ICCU\CNCE\054986</controlfield>
  <controlfield tag="005">20111122000000.0</controlfield>
  <datafield tag="012" ind1=" " ind2=" ">
    <subfield code="a">a.de a.a- l-en laM. (C) 1570 (R)</subfield>
    <subfield code="2">fei</subfield>
  </datafield>
  <datafield tag="100" ind1=" " ind2=" ">
    <subfield code="a">20031209d1570        0itac0103    ba</subfield>
  </datafield>
  <datafield tag="101" ind1=" " ind2=" ">
    <subfield code="a">ITA</subfield>
  </datafield>
  <datafield tag="102" ind1=" " ind2=" ">
    <subfield code="a">IT</subfield>
  </datafield>
  <datafield tag="200" ind1="1" ind2=" ">
    <subfield code="a">Somma della dottrina christiana con la sua breue dichiaratione a modo di dialogo fra &apos;l maestro e discepolo. Composto per il d. Ledesma, della Compagnia di Giesu</subfield>
  </datafield>
  <datafield tag="210" ind1=" " ind2=" ">
    <subfield code="a">In Genoua</subfield>
    <subfield code="c">appresso Antonio Bellone</subfield>
    <subfield code="d">1570</subfield>
  </datafield>
  <datafield tag="215" ind1=" " ind2=" ">
    <subfield code="a">\30! c.</subfield>
    <subfield code="c">ill.</subfield>
    <subfield code="d">12ʻ</subfield>
  </datafield>
  <datafield tag="620" ind1=" " ind2=" ">
    <subfield code="a">IT</subfield>
    <subfield code="d">Genova</subfield>
  </datafield>
  <datafield tag="700" ind1=" " ind2="1">
    <subfield code="a">Ledesma,</subfield>
    <subfield code="b">Diego : de</subfield>
    <subfield code="3">IT\ICCU\CNCA\006725</subfield>
  </datafield>
  <datafield tag="712" ind1="0" ind2="0">
    <subfield code="a">Bellone, Antonio</subfield>
    <subfield code="3">IT\ICCU\CNCT\000236</subfield>
    <subfield code="4">650</subfield>
  </datafield>
  <datafield tag="790" ind1=" " ind2="1">
    <subfield code="a">Ledesma,</subfield>
    <subfield code="b">Iacobus</subfield>
    <subfield code="3">IT\ICCU\CNCA\015923</subfield>
    <subfield code="z">Ledesma, Diego : de</subfield>
  </datafield>
  <datafield tag="790" ind1=" " ind2="1">
    <subfield code="a">Ledesma,</subfield>
    <subfield code="b">Jacques</subfield>
    <subfield code="3">IT\ICCU\CNCA\020358</subfield>
    <subfield code="z">Ledesma, Diego : de</subfield>
  </datafield>
  <datafield tag="790" ind1=" " ind2="0">
    <subfield code="a">Ledesima</subfield>
    <subfield code="3">IT\ICCU\CNCA\020359</subfield>
    <subfield code="z">Ledesma, Diego : de</subfield>
  </datafield>
  <datafield tag="791" ind1="0" ind2="0">
    <subfield code="a">Bellono, Antonio</subfield>
    <subfield code="3">IT\ICCU\CNCT\004315</subfield>
    <subfield code="z">Bellone, Antonio</subfield>
  </datafield>
  <datafield tag="791" ind1="0" ind2="0">
    <subfield code="a">Bellonis, Antonio de</subfield>
    <subfield code="3">IT\ICCU\CNCT\004316</subfield>
    <subfield code="z">Bellone, Antonio</subfield>
  </datafield>
  <datafield tag="791" ind1="0" ind2="0">
    <subfield code="a">Bellonus, Antonius</subfield>
    <subfield code="3">IT\ICCU\CNCT\004317</subfield>
    <subfield code="z">Bellone, Antonio</subfield>
  </datafield>
  <datafield tag="791" ind1="0" ind2="0">
    <subfield code="a">Belonus, Antonius</subfield>
    <subfield code="3">IT\ICCU\CNCT\004318</subfield>
    <subfield code="z">Bellone, Antonio</subfield>
  </datafield>
  <datafield tag="801" ind1=" " ind2="3">
    <subfield code="a">IT</subfield>
    <subfield code="b">ICCU</subfield>
    <subfield code="c">20201115</subfield>
  </datafield>
  <datafield tag="899" ind1=" " ind2=" ">
    <subfield code="a">Biblioteca nazionale Braidense. Milano</subfield>
    <subfield code="1">MI0185</subfield>
    <subfield code="2">MIL NB</subfield>
  </datafield>
</record>
</collection>
